<?xml version = "1.0" encoding = "UTF-8"?><OAI-PMH xmlns="http://www.openarchives.org/OAI/2.0/" xmlns:xsi="http://www.w3.org/2001/XMLSchema-instance" xsi:schemaLocation="http://www.openarchives.org/OAI/2.0/ http://www.openarchives.org/OAI/2.0/OAI-PMH.xsd"><ListRecords><record><header><identifier>aleph-publish:036844493</identifier></header><metadata><record xmlns="http://www.ddb.de/professionell/mabxml/mabxml-1.xsd"><leader>------M2.01200024------h</leader><controlfield tag="LDR">------M2.01200024------h</controlfield><controlfield tag="FMT">MH</controlfield><datafield tag="001" ind1="-" ind2="1"><subfield code="a">HT020651159</subfield></datafield><datafield tag="002" ind1="b" ind2="1"><subfield code="a">20201123</subfield></datafield><controlfield tag="030">a|zur||||||17</controlfield><datafield tag="036" ind1="a" ind2="1"><subfield code="a">DE</subfield></datafield><datafield tag="037" ind1="b" ind2="1"><subfield code="a">ger</subfield></datafield><controlfield tag="050">||||||||d|||||</controlfield><controlfield tag="051">s|||||||</controlfield><datafield tag="060" ind1="-" ind2="1"><subfield code="b">txt</subfield><subfield code="a">Text</subfield></datafield><datafield tag="061" ind1="-" ind2="1"><subfield code="b">c</subfield><subfield code="a">Computermedien</subfield></datafield><datafield tag="062" ind1="-" ind2="1"><subfield code="b">cr</subfield><subfield code="a">Online-Ressource</subfield></datafield><datafield tag="070" ind1="-" ind2="1"><subfield code="a">B 23</subfield></datafield><datafield tag="080" ind1="-" ind2="1"><subfield code="a">60</subfield></datafield><datafield tag="100" ind1="-" ind2="1"><subfield code="a">Hannak, Lisa</subfield></datafield><datafield tag="104" ind1="a" ind2="1"><subfield code="p">Brinckmann, Sven</subfield><subfield code="d">1977-</subfield><subfield code="4">aut</subfield><subfield code="3">Verfasser</subfield><subfield code="9">(DE-588)1019135727</subfield></datafield><datafield tag="200" ind1="b" ind2="1"><subfield code="k">Deutscher Wetterdienst</subfield><subfield code="4">isb</subfield><subfield code="3">Herausgebendes Organ</subfield><subfield code="9">(DE-588)1012332-5</subfield></datafield><datafield tag="201" ind1="-" ind2="1"><subfield code="k">Deutschland</subfield><subfield code="b">Bundesministerium für Verkehr und Digitale Infrastruktur</subfield><subfield code="b">Deutscher Wetterdienst</subfield></datafield><datafield tag="201" ind1="-" ind2="1"><subfield code="k">Wetterdienst</subfield></datafield><datafield tag="201" ind1="-" ind2="1"><subfield code="k">Bundesanstalt Deutscher Wetterdienst</subfield></datafield><datafield tag="201" ind1="-" ind2="1"><subfield code="k">Anstalt Deutscher Wetterdienst</subfield></datafield><datafield tag="201" ind1="-" ind2="1"><subfield code="k">Deutscher Wetterdienst</subfield><subfield code="b">Zentralamt</subfield></datafield><datafield tag="201" ind1="-" ind2="1"><subfield code="k">Deutscher Wetterdienst</subfield><subfield code="b">Central Office</subfield></datafield><datafield tag="201" ind1="-" ind2="1"><subfield code="k">German Meteorological Service</subfield></datafield><datafield tag="201" ind1="-" ind2="1"><subfield code="k">Meteorological Service</subfield></datafield><datafield tag="201" ind1="-" ind2="1"><subfield code="k">DWD</subfield></datafield><datafield tag="331" ind1="-" ind2="1"><subfield code="a">Parallelmessungen an deutschen Klimareferenzstationen</subfield></datafield><datafield tag="335" ind1="-" ind2="1"><subfield code="a">Schlussfolgerungen im Hinblick auf Homogenität und Messunsicherheiten</subfield></datafield><datafield tag="359" ind1="-" ind2="1"><subfield code="a">von Lisa Hannak und Sven Brinckmann ; Deutscher Wetterdienst</subfield></datafield><datafield tag="419" ind1="-" ind2="1"><subfield code="a">Offenbach am Main</subfield><subfield code="b">Selbstverlag des Deutschen Wetterdienstes</subfield><subfield code="c">2020</subfield></datafield><datafield tag="425" ind1="a" ind2="1"><subfield code="a">2020</subfield></datafield><datafield tag="433" ind1="-" ind2="1"><subfield code="a">1 Online-Ressource (97 Seiten : Diagramme)</subfield></datafield><datafield tag="443" ind1="-" ind2="1"><subfield code="a">Textdatei</subfield><subfield code="b">PDF</subfield><subfield code="c">20 MB</subfield></datafield><datafield tag="451" ind1="-" ind2="1"><subfield code="a">Berichte des Deutschen Wetterdienstes ; 253</subfield></datafield><datafield tag="453" ind1="-" ind2="1"><subfield code="a">HT017313961</subfield></datafield><datafield tag="455" ind1="-" ind2="1"><subfield code="a">253</subfield></datafield><datafield tag="456" ind1="-" ind2="1"><subfield code="a">253</subfield></datafield><datafield tag="501" ind1="-" ind2="1"><subfield code="a">Dieser Bericht ist im Rahmen einer gemeinsamen Forschungsaktivität des Referats „Nationale Klimaüberwachung“ und des Sachgebiets „In-situ Sondierung“ im Rahmen des DWD-Forschungsprogramms „Innovation in der angewandten Forschung und Entwicklung“ (IAFE) entstanden.</subfield></datafield><datafield tag="540" ind1="a" ind2="1"><subfield code="a">978-3-88148-523-4</subfield></datafield><datafield tag="552" ind1="b" ind2="1"><subfield code="a">http://nbn-resolving.de/urn:nbn:de:101:1-2020112012434733354624</subfield></datafield><controlfield tag="SYS">036844493</controlfield><datafield tag="088" ind1=" " ind2=" "><subfield code="a">B 23</subfield><subfield code="c">E-Publikation</subfield><subfield code="e">4 Wochen Ausleihe</subfield></datafield></record></metadata></record></ListRecords></OAI-PMH>